@book{sayood2012introduction,
  title={Introduction to Data Compression},
  author={Sayood, K.},
  isbn={9780124157965},
  lccn={2012023803},
  series={The Morgan Kaufmann Series in Multimedia Information and Systems},
  url={https://books.google.com.br/books?id=mkCMxnHm6hsC},
  year={2012},
  publisher={Elsevier Science}
}

@book{mackay2003information,
  title={Information Theory, Inference and Learning Algorithms},
  author={MacKay, D.J.C.},
  isbn={9780521642989},
  lccn={2003055133},
  url={https://books.google.com.br/books?id=AKuMj4PN_EMC},
  year={2003},
  publisher={Cambridge University Press}
}

@book{abrantescodificação,
  title={Codifica{\c{c}}{\~a}o de fonte: duas breves visitas},
  author={Abrantes, S.A.},
  isbn={9789727520398},
  url={https://books.google.pt/books?id=tKlChnUo2EsC},
  publisher={FEUP Edi{\c{c}}{\~o}es}
}

@misc{rfc1951,
    series =    {Request for Comments},
    number =    1951,
    howpublished =  {RFC 1951},
    publisher = {RFC Editor},
    doi =       {10.17487/RFC1951},
    url =       {https://www.rfc-editor.org/info/rfc1951},
    author =    {L. Peter Deutsch},
    title =     {{DEFLATE Compressed Data Format Specification version 1.3}},
    pagetotal = 17,
    year =      1996,
    month =     may,
    abstract =  {This specification defines a lossless compressed data format that compresses data using a combination of the LZ77 algorithm and Huffman coding, with efficiency comparable to the best currently available general-purpose compression methods. This memo provides information for the Internet community. This memo does not specify an Internet standard of any kind.},
}

@ARTICLE{1055714,
  author={Ziv, J. and Lempel, A.},
  journal={IEEE Transactions on Information Theory}, 
  title={A universal algorithm for sequential data compression}, 
  year={1977},
  volume={23},
  number={3},
  pages={337-343},
  keywords={},
  doi={10.1109/TIT.1977.1055714}}

@phdthesis{10.5555/908099,
author = {Pasco, Richard Clark},
title = {Source coding algorithms for fast data compression.},
year = {1976},
School = {Stanford University},
address = {Stanford, CA, USA},
note = {AAI7626055}
}

@ARTICLE{5391119,
  author={Rissanen, J. J.},
  journal={IBM Journal of Research and Development}, 
  title={Generalized Kraft Inequality and Arithmetic Coding}, 
  year={1976},
  volume={20},
  number={3},
  pages={198-203},
  keywords={},
  doi={10.1147/rd.203.0198}}

@book{nelson2008data,
  title={The Data Compression Book},
  author={Nelson, M.},
  isbn={9788170297291},
  url={https://books.google.com.br/books?id=pndwnAEACAAJ},
  year={2008},
  publisher={BPB Publications}
}